@book{ladefoged96,
  title={The sounds of the world's languages},
  author={Ladefoged, P. and Maddieson, I.},
  year={1996},
  publisher={Oxford Publishers}
}

@article{gordon02,
  title={A cross-linguistic acoustic study of voiceless fricatives},
  author={Gordon, M. and Barthmaier, P. and Sands, K.},
  journal={Journal of the International Phonetic Association},
  volume={32},
  number={2},
  pages={141--174},
  year={2002},
  publisher={Cambridge University Press}
}